<record xmlns="http://www.loc.gov/MARC21/slim">
  <leader>02266ctm a2200433Ia 4500</leader>
  <controlfield tag="001">13128527</controlfield>
  <controlfield tag="005">20210118044052.0</controlfield>
  <controlfield tag="008">201203q16001699ic a 000 0 ice d</controlfield>
  <datafield ind1=" " ind2=" " tag="035">
    <subfield code="a">(OCoLC)1225202810</subfield>
  </datafield>
  <datafield ind1=" " ind2=" " tag="035">
    <subfield code="a">13128527</subfield>
  </datafield>
  <datafield ind1=" " ind2=" " tag="040">
    <subfield code="a">COO</subfield>
    <subfield code="b">eng</subfield>
    <subfield code="c">COO</subfield>
    <subfield code="e">dcrmmss</subfield>
    <subfield code="d">COO</subfield>
    <subfield code="d">NIC</subfield>
  </datafield>
  <datafield ind1=" " ind2=" " tag="043">
    <subfield code="a">e-ic---</subfield>
  </datafield>
  <datafield ind1=" " ind2="9" tag="099">
    <subfield code="a">8765 Bd. Ms. 2</subfield>
  </datafield>
  <datafield ind1="1" ind2=" " tag="110">
    <subfield code="a">Iceland.</subfield>
  </datafield>
  <datafield ind1="1" ind2="0" tag="240">
    <subfield code="a">Jónsbók.</subfield>
    <subfield code="f">Between 1600 and 1699</subfield>
  </datafield>
  <datafield ind1="0" ind2="0" tag="245">
    <subfield code="a">Logbok islendinga :</subfield>
    <subfield code="k">manuscript fair copy.</subfield>
  </datafield>
  <datafield ind1="1" ind2=" " tag="246">
    <subfield code="i">Spine title:</subfield>
    <subfield code="a">Islanske lowbog</subfield>
  </datafield>
  <datafield ind1=" " ind2="0" tag="264">
    <subfield code="a">Iceland,</subfield>
    <subfield code="c">1600s.</subfield>
  </datafield>
  <datafield ind1=" " ind2=" " tag="300">
    <subfield code="a">1 volume ([2], 454 pages) :</subfield>
    <subfield code="b">illustrations ;</subfield>
    <subfield code="c">21 cm</subfield>
  </datafield>
  <datafield ind1=" " ind2=" " tag="336">
    <subfield code="a">text</subfield>
    <subfield code="b">txt</subfield>
    <subfield code="2">rdacontent</subfield>
  </datafield>
  <datafield ind1=" " ind2=" " tag="337">
    <subfield code="a">unmediated</subfield>
    <subfield code="b">n</subfield>
    <subfield code="2">rdamedia</subfield>
  </datafield>
  <datafield ind1=" " ind2=" " tag="338">
    <subfield code="a">volume</subfield>
    <subfield code="b">nc</subfield>
    <subfield code="2">rdacarrier</subfield>
  </datafield>
  <datafield ind1="1" ind2=" " tag="545">
    <subfield code="a">Jónsbók is a law code developed by King Haakon IV Haakonsson of Norway, who
      gained sovereignty over Iceland and Greenland in 1261-1262. The existing laws were
      subsequently compiled by Jón Einarsson (hence the name Jónsbók) at the request of King
      Magnus Hakonsson (Magnus VI Lagabœtir, son of Haakon IV). The Alþing, the Icelandic
      parliament, accepted Jónsbók as its legal code in 1281. It was in force until the 17th
      century, and some of its provisions remain in force today.</subfield>
  </datafield>
  <datafield ind1=" " ind2=" " tag="520">
    <subfield code="a">Manuscript fair copy, with illustrated title page and decorated initials.
      Some pages bordered in red. Marginal notes appear to be bibliographical references. Bound in
      worn calf, with faded spine title and decorations in gilt on spine.</subfield>
  </datafield>
  <datafield ind1=" " ind2=" " tag="546">
    <subfield code="a">In Icelandic.</subfield>
  </datafield>
  <datafield ind1=" " ind2=" " tag="500">
    <subfield code="a">Title transcribed from title page.</subfield>
  </datafield>
  <datafield ind1=" " ind2=" " tag="524">
    <subfield code="a">Logbok islendinga, #8765 Bd. Ms. 2. Division of Rare and Manuscript
      Collections, Cornell University Library.</subfield>
  </datafield>
  <datafield ind1=" " ind2="0" tag="650">
    <subfield code="a">Law</subfield>
    <subfield code="z">Iceland.</subfield>
  </datafield>
  <datafield ind1=" " ind2="7" tag="650">
    <subfield code="a">Law.</subfield>
    <subfield code="2">fast</subfield>
    <subfield code="0">(OCoLC)fst00993678</subfield>
  </datafield>
  <datafield ind1=" " ind2="7" tag="651">
    <subfield code="a">Iceland.</subfield>
    <subfield code="2">fast</subfield>
    <subfield code="0">(OCoLC)fst01210572</subfield>
  </datafield>
  <datafield ind1="0" ind2=" " tag="700">
    <subfield code="a">Jón Einarsson,</subfield>
    <subfield code="e">compiler.</subfield>
  </datafield>
  <datafield ind1="0" ind2=" " tag="700">
    <subfield code="a">Haakon</subfield>
    <subfield code="b">IV Haakonsson,</subfield>
    <subfield code="c">King of Norway,</subfield>
    <subfield code="d">1204-1263.</subfield>
  </datafield>
  <datafield ind1="0" ind2=" " tag="700">
    <subfield code="a">Magnus</subfield>
    <subfield code="b">VI Lagabœtir,</subfield>
    <subfield code="c">King of Norway,</subfield>
    <subfield code="d">1238-1280.</subfield>
  </datafield>
  <datafield ind1="2" ind2=" " tag="710">
    <subfield code="a">Fiske Icelandic Collection.</subfield>
  </datafield>
  <datafield ind1=" " ind2=" " tag="852">
    <subfield code="a">NIC</subfield>
    <subfield code="j">8765 Bd. Ms. 2</subfield>
  </datafield>
  <datafield ind1="2" ind2=" " tag="948">
    <subfield code="a">20201202</subfield>
    <subfield code="b">m</subfield>
    <subfield code="d">mnr1</subfield>
    <subfield code="e">lts</subfield>
  </datafield>
  <datafield ind1="2" ind2=" " tag="948">
    <subfield code="a">20201208</subfield>
    <subfield code="b">m</subfield>
    <subfield code="d">mnr1</subfield>
    <subfield code="e">lts</subfield>
  </datafield>
  <datafield ind1="2" ind2=" " tag="948">
    <subfield code="a">20210118</subfield>
    <subfield code="b">m</subfield>
    <subfield code="d">batch</subfield>
    <subfield code="e">lts</subfield>
    <subfield code="x">WorldShare</subfield>
  </datafield>
  <datafield ind1="f" ind2="f" tag="999">
    <subfield code="i">f82b3c04-c04e-417b-9440-c3dc56e43e4c</subfield>
    <subfield code="s">56d80f99-e61f-4683-adb0-67a826e45d69</subfield>
  </datafield>
</record>
